@article{preece_verifying_1992,
  author    = {A. D. Preece and R. Shinghal and A. Batarekh},
  title     = {Principles and Practice in Verifying Rule‚ÄêBased Systems},
  journal   = {The Knowledge Engineering Review},
  year      = {1992},
  volume    = {7},
  number    = {2},
  pages     = {115--141}
}

@article{jiang_spatiotemporal_2017,
  author    = {Y. Jiang and R. Kang and D. Li and S. Guo and others},
  title     = {Spatio-Temporal Propagation of Traffic Jams in Urban Traffic Networks},
  journal   = {arXiv preprint arXiv:1705.08269},
  year      = {2017},
}

@article{epj_scaling_2024,
  author    = {T. Kittel and A. Schadschneider and others},
  title     = {Scaling Law of Real Traffic Jams under Varying Travel Demand},
  journal   = {EPJ Data Science},
  year      = {2024},
  volume    = {13},
  number    = {6},
}

@article{spillo_neuro_symbolic_2024,
  author    = {Giuseppe Spillo and Cataldo Musto and Marco de Gemmis and Pasquale Lops and Giovanni Semeraro},
  title     = {Recommender Systems Based on Neuro-Symbolic Knowledge Graph Embeddings Encoding First-Order Logic Rules},
  journal   = {User Modeling and User-Adapted Interaction},
  year      = {2024},
  volume    = {34},
  pages     = {2039--2083}
}

@article{xu_consistency_2006,
  author    = {Y. Xu and J. Liu and D. Ruan and T.-T. Lee and D. Maes},
  title     = {On the Consistency of Rule-Bases Based on Lattice-Valued First-Order Logic LF(X)},
  journal   = {International Journal of Intelligent Systems},
  year      = {2006},
  volume    = {21},
  number    = {4},
  pages     = {399--424}
}

@manual{go_documentation_site,
  title     = {Go Documentation},
  author    = {The Go Authors},
  year      = {2025},
  howpublished = {\url{https://go.dev/doc/}},
  note      = {Go official documentation site}
}

@manual{clips_users_guide,
  title     = {CLIPS User's Guide},
  author    = {Joseph C. Giarratano},
  year      = {1993},
  note      = {CLIPS 6.0 User's Guide, portal.cs.umbc.edu},
  url       = {https://portal.cs.umbc.edu/clips/usersguide/clipsusr.html}
}